<?xml version="1.0" encoding="UTF-8"?>
<collection xmlns="http://www.loc.gov/MARC21/slim">
	<record>
		<controlfield tag="001">184000</controlfield>
		<datafield tag="024" ind1="8" ind2=" ">
			<subfield code="a">oai:digitalisiertedrucke.de:184000</subfield>
			<subfield code="p">collection:weltausstellungen_19_Jh.ub.hd.de
			</subfield>
		</datafield>
		<datafield tag="024" ind1="8" ind2=" ">
			<subfield code="p">collection:zvdd.hbz.k.de</subfield>
		</datafield>
		<datafield tag="594" ind1=" " ind2=" ">
			<subfield code="a">title:monograph</subfield>
		</datafield>
		<datafield tag="595" ind1=" " ind2=" ">
			<subfield code="a">ldd</subfield>
		</datafield>
		<datafield tag="980" ind1=" " ind2=" ">
			<subfield code="a">2823</subfield>
		</datafield>
		<datafield tag="260" ind1=" " ind2=" ">
			<subfield code="a">Wien</subfield>
			<subfield code="b">Gerold</subfield>
			<subfield code="c">07.04.1848[nach dem 07.04.1848]</subfield>
			<subfield code="x">[1. Verleger, Drucker usw.]</subfield>
		</datafield>
		<datafield tag="300" ind1=" " ind2=" ">
			<subfield code="a">431 S. : Kt.</subfield>
		</datafield>
		<datafield tag="533" ind1=" " ind2=" ">
			<subfield code="a">Online-Ausg.</subfield>
			<subfield code="b">Heidelberg</subfield>
			<subfield code="c">Univ.-Bibl.</subfield>
			<subfield code="d">2007</subfield>
			<subfield code="7">2007</subfield>
		</datafield>
		<datafield tag="776" ind1=" " ind2="1">
			<subfield code="k">Heidelberger historische Best채nde - digital :
				Weltausstellungen im 19. Jahrhundert</subfield>
			<subfield code="w">262535831</subfield>
			<subfield code="a">Weltausstellungen im 19. Jahrhundert
			</subfield>
			<subfield code="h">Online-Ressource</subfield>
			<subfield code="b">Online-Ausg.</subfield>
		</datafield>
		<controlfield tag="008">070410 1873 ger  </controlfield>
		<datafield tag="992" ind1=" " ind2=" ">
			<subfield code="a">263539989</subfield>
			<subfield code="b">collection:weltausstellungen_19_Jh.ub.hd.de
			</subfield>
			<subfield code="c">http://weltausstellungen.uni-hd.de</subfield>
		</datafield>
		<controlfield tag="005">20070411140943</controlfield>
		<datafield tag="887" ind1=" " ind2=" ">
			<subfield code="a">a|5z|||z|0017</subfield>
			<subfield code="2">MAB2:030</subfield>
		</datafield>
		<datafield tag="041" ind1=" " ind2=" ">
			<subfield code="a">ger</subfield>
		</datafield>
		<datafield tag="046" ind1=" " ind2=" ">
			<subfield code="a">a19b</subfield>
		</datafield>
		<datafield tag="887" ind1=" " ind2=" ">
			<subfield code="a">||||||||g|||||</subfield>
			<subfield code="2">MAB2:050</subfield>
		</datafield>
		<datafield tag="887" ind1=" " ind2=" ">
			<subfield code="a">m||||||</subfield>
			<subfield code="2">MAB2:051</subfield>
		</datafield>
		<datafield tag="084" ind1=" " ind2=" ">
			<subfield code="a">9,10</subfield>
			<subfield code="2">z</subfield>
		</datafield>
		<datafield tag="100" ind1="1" ind2=" ">
			<subfield code="a">Falke, Jakob</subfield>
			<subfield code="0">00960264</subfield>
		</datafield>
		<datafield tag="710" ind1="2" ind2=" ">
			<subfield code="a">Universal Exhibition &lt;1873, Wien&gt;
			</subfield>
			<subfield code="0">00369671</subfield>
		</datafield>
		<datafield tag="245" ind1="0" ind2="4">
			<subfield code="a">Die Kunstindustrie auf der Wiener
				Weltausstellung 1873</subfield>
			<subfield code="c">von Jakob Falke</subfield>
		</datafield>
		<datafield tag="500" ind1=" " ind2=" ">
			<subfield code="a">Ausstellungskatalog. - Kt. mit d.T.:
				Situations-Plan der Weltausstellung 1873 in Wien</subfield>
		</datafield>
		<datafield tag="856" ind1="4" ind2=" ">
			<subfield code="u">http://digi.ub.uni-heidelberg.de/diglit/falke1873
			</subfield>
		</datafield>
		<datafield tag="980" ind1=" " ind2=" ">
			<subfield code="a">2802</subfield>
		</datafield>
		<datafield tag="980" ind1=" " ind2=" ">
			<subfield code="a">266</subfield>
		</datafield>
		<datafield tag="991" ind1=" " ind2=" ">
			<subfield code="a">184000</subfield>
			<subfield code="b">collection:zvdd.hbz.k.de</subfield>
			<subfield code="c">http://www.zvdd.de/</subfield>
		</datafield>
	</record>